@book{Jackson-99,
   title =     {Classical electrodynamics},
   author =    {John David Jackson},
   publisher = {Wiley},
   isbn =      {9780471309321,047130932X},
   year =      {1999},
   series =    {},
   edition =   {3rd ed},
   volume =    {},
   %url =       {http://gen.lib.rus.ec/book/index.php?md5=FC4200F46DA445E9D79EFFFDD82F1CE8}
}

@book{book:1155833,
   title =     {Global Lorentzian Geometry, Second Edition},
   author =    {John K. Beem, Paul Ehrlich, Kevin Easley},
   publisher = {CRC Press},
   isbn =      {0824793242,9780824793241},
   year =      {1996},
   series =    {Chapman & Hall/CRC Pure and Applied Mathematics},
   edition =   {2},
   volume =    {},
   url =       {http://gen.lib.rus.ec/book/index.php?md5=f72cc3f98fe9c4b2bdf5068a00f274c5}
}


@article{Ake-Flores-Sanchez-18,
  title={Structure of globally hyperbolic spacetimes with timelike boundary},
  author={Ak{\'e}, Luis and Flores, Jos{\'e} L and S{\'a}nchez, Miguel},
  journal={arXiv preprint arXiv:1808.04412},
  year={2018}
}

@article{Alonso-Valli-96,
  title={Some remarks on the characterization of the space of tangential traces of H (rot; $\Omega$) and the construction of an extension operator},
  author={Alonso, Ana and Valli, Alberto},
  journal={Manuscripta mathematica},
  volume={89},
  number={1},
  pages={159--178},
  year={1996},
  publisher={Springer}
}

@article{Amar-17,
  title={On the $L^r$ Hodge theory in complete non compact Riemannian manifolds},
  author={Amar, Eric},
  journal={Mathematische Zeitschrift},
  volume={287},
  number={3-4},
  pages={751--795},
  year={2017},
  publisher={Springer}
}


@incollection{Axelsson-McIntosh-04,
  title={Hodge decompositions on weakly Lipschitz domains},
  author={Axelsson, Andreas and McIntosh, Alan},
  booktitle={Advances in analysis and geometry},
  pages={3--29},
  year={2004},
  publisher={Springer}
}



@incollection{Auchmann-Kurz-12,
  title={Differential forms and boundary integral equations for Maxwell-type problems},
  author={Kurz, Stefan and Auchmann, Bernhard},
  booktitle={Fast boundary element methods in engineering and industrial applications},
  pages={1--62},
  year={2012},
  publisher={Springer}
}


@incollection{Baer-Ginoux-12,
  title={Classical and quantum fields on Lorentzian manifolds},
  author={B{\"a}r, Christian and Ginoux, Nicolas},
  booktitle={Global differential geometry},
  pages={359--400},
  year={2012},
  publisher={Springer}
}



@book{Baer-Ginoux-Pfaffle-07,
  title={Wave equations on Lorentzian manifolds and quantization},
  author={B{\"a}r, Christian and Ginoux, Nicolas and Pf{\"a}ffle, Frank},
  volume={3},
  year={2007},
  publisher={European Mathematical Society}
}


@article{Baer-15,
  title={Green-hyperbolic operators on globally hyperbolic spacetimes},
  author={B{\"a}r, Christian},
  journal={Communications in Mathematical Physics},
  volume={333},
  number={3},
  pages={1585--1615},
  year={2015},
  publisher={Springer}
}



@article{Baer-19,
  title={The curl operator on odd-dimensional manifolds},
  author={B{\"a}r, Christian},
  journal={Journal of Mathematical Physics},
  volume={60},
  number={3},
  pages={031501},
  year={2019},
  publisher={AIP Publishing}
}


@article{Behrndt-Langer-12,
  title={Elliptic operators, Dirichlet-to-Neumann maps and quasi boundary triples},
  author={Behrndt, Jussi and Langer, Matthias},
  journal={London Math. Soc. Lecture Note Series},
  volume={404},
  pages={121--160},
  year={2012}
}


@article{Benini:2013tra,
  title={Quantized Abelian principal connections on Lorentzian manifolds},
  author={Benini, Marco and Dappiaggi, Claudio and Schenkel, Alexander},
  journal={Communications in Mathematical Physics},
  volume={330},
  number={1},
  pages={123--152},
  year={2014},
  publisher={Springer}
}


@article{Benini-Dappiaggi-Hack-Schenkel-14,
  title={A C*-algebra for quantized principal U (1)-connections on globally hyperbolic Lorentzian manifolds},
  author={Benini, Marco and Dappiaggi, Claudio and Hack, Thomas-Paul and Schenkel, Alexander},
  journal={Communications in Mathematical Physics},
  volume={332},
  number={1},
  pages={477--504},
  year={2014},
  publisher={Springer}
}

@article{Benini-16,
  title={Optimal space of linear classical observables for Maxwell k-forms via spacelike and timelike compact de Rham cohomologies},
  author={Benini, Marco},
  journal={Journal of Mathematical Physics},
  volume={57},
  number={5},
  pages={053502},
  year={2016},
  publisher={AIP Publishing}
}

@article{Bernal-Sanchez-05,
  title={Smoothness of time functions and the metric splitting of globally hyperbolic spacetimes},
  author={Bernal, Antonio N and S{\'a}nchez, Miguel},
  journal={Communications in Mathematical Physics},
  volume={257},
  number={1},
  pages={43--50},
  year={2005},
  publisher={Springer}
}




@book{Bott-Tu-82,
  title={Differential forms in algebraic topology},
  author={Bott, Raoul and Tu, Loring W},
  volume={82},
  year={2013},
  publisher={Springer Science \& Business Media}
}

@article{Brunetti-Fredenhagen-Verch-03,
  title={The generally covariant locality principle--a new paradigm for local quantum field theory},
  author={Brunetti, Romeo and Fredenhagen, Klaus and Verch, Rainer},
  journal={Communications in Mathematical Physics},
  volume={237},
  number={1-2},
  pages={31--68},
  year={2003},
  publisher={Springer}
}


@article{Buffa-Costabel-Sheen-02,
  title={On traces for H (curl, $\Omega$) in Lipschitz domains},
  author={Buffa, Annalisa and Costabel, Martin and Sheen, Dongwoo},
  journal={Journal of Mathematical Analysis and Applications},
  volume={276},
  number={2},
  pages={845--867},
  year={2002},
  publisher={Elsevier}
}


@article{Dappiaggi-Drago-Ferreira-19,
  title={Fundamental solutions for the wave operator on static Lorentzian manifolds with timelike boundary},
  author={Dappiaggi, Claudio and Drago, Nicol{\'o} and Ferreira, Hugo},
  journal={Letters in Mathematical Physics},
  pages={1--30},
  year={2019},
  publisher={Springer}
}


@article{Dappiaggi-Hack-Sanders-14,
  title={Electromagnetism, local covariance, the Aharonov--Bohm effect and Gaussâ€™ law},
  author={Sanders, Ko and Dappiaggi, Claudio and Hack, Thomas-Paul},
  journal={Communications in Mathematical Physics},
  volume={328},
  number={2},
  pages={625--667},
  year={2014},
  publisher={Springer}
}

@article{Dappiaggi:2018pju,
  title={Mode solutions for a Klein-Gordon field in anti--de Sitter spacetime with dynamical boundary conditions of Wentzell type},
  author={Dappiaggi, Claudio and Ferreira, Hugo RC and Ju{\'a}rez-Aubry, Benito A},
  journal={Physical Review D},
  volume={97},
  number={8},
  pages={085022},
  year={2018},
  publisher={APS}
}


@article{Dappiaggi:2011cj,
  title={Hadamard states for the vector potential on asymptotically flat spacetimes},
  author={Dappiaggi, Claudio and Siemssen, Daniel},
  journal={Reviews in Mathematical Physics},
  volume={25},
  number={01},
  pages={1350002},
  year={2013},
  publisher={World Scientific}
}



@article{Eichorn-93,
  title={The manifold structure of maps between open manifolds},
  author={Eichhorn, J{\"u}rgen},
  journal={Annals of Global Analysis and Geometry},
  volume={11},
  number={3},
  pages={253--300},
  year={1993},
  publisher={Springer}
}


@article{Everitt-Markus-99,
  title={Complex symplectic geometry with applications to ordinary differential operators},
  author={Everitt, W and Markus, L},
  journal={Transactions of the American mathematical society},
  volume={351},
  number={12},
  pages={4905--4945},
  year={1999}
}

@bookEveritt-Markus-03,
  title={Elliptic partial differential operators and symplectic algebra},
  author={Everitt, William Norrie and Markus, Lawrence},
  year={2003},
  publisher={American Mathematical Soc.}
}

@article{Everitt-Markus-05,
  title={Complex symplectic spaces and boundary value problems},
  author={Everitt, W and Markus, L},
  journal={Bulletin of the American mathematical society},
  volume={42},
  number={4},
  pages={461--500},
  year={2005}
}

@article{Fewster-Pfenning-03,
  title={A quantum weak energy inequality for spin-one fields in curved space--time},
  author={Fewster, Christopher J and Pfenning, Michael J},
  journal={Journal of Mathematical Physics},
  volume={44},
  number={10},
  pages={4480--4513},
  year={2003},
  publisher={AIP}
}

@article{Gaffney-55,
  title={Hilbert space methods in the theory of harmonic integrals},
  author={Gaffney, Matthew P},
  journal={Transactions of the American Mathematical Society},
  volume={78},
  number={2},
  pages={426--444},
  year={1955},
  publisher={JSTOR}
}


@article{Georgescu-79,
  title={Some boundary value problems for differential forms on compact Riemannian manifolds},
  author={Georgescu, V},
  journal={Annali di Matematica Pura ed Applicata},
  volume={122},
  number={1},
  pages={159--198},
  year={1979},
  publisher={Springer}
}


@book{Greub-Halperin-Vanston-72,
  title={Connections, Curvature, and Cohomology V1: De Rham cohomology of manifolds and vector bundles},
  author={Greub, Werner and Halperin, Stephen and Vanstone, Ray},
  year={1972},
  publisher={Academic press}
}


@article{Gromov-91,
  title={K{\"a}hler hyperbolicity and $L_2$-Hodge theory},
  author={Gromov, Mikhail and others},
  journal={Journal of differential geometry},
  volume={33},
  number={1},
  pages={263--292},
  year={1991},
  publisher={Lehigh University}
}

@article{Grosse-Schneider-13,
  title={Sobolev spaces on Riemannian manifolds with bounded geometry: general coordinates and traces},
  author={Gro{\ss}e, Nadine and Schneider, Cornelia},
  journal={Mathematische Nachrichten},
  volume={286},
  number={16},
  pages={1586--1613},
  year={2013},
  publisher={Wiley Online Library}
}




@article{Hack-Schenkel-13,
  title={Linear bosonic and fermionic quantum gauge theories on curved spacetimes},
  author={Hack, Thomas-Paul and Schenkel, Alexander},
  journal={General Relativity and Gravitation},
  volume={45},
  number={5},
  pages={877--910},
  year={2013},
  publisher={Springer}
}

@book{Higson-Roe-00,
  title={Analytic K-homology},
  author={Higson, Nigel and Roe, John},
  year={2000},
  publisher={OUP Oxford}
}


@article{Hiptmair-Kotiuga-Tordeux-12,
  title={Self-adjoint curl operators},
  author={Hiptmair, Ralf and Kotiuga, Peter Robert and Tordeux, S{\'e}bastien},
  journal={Annali di matematica pura ed applicata},
  volume={191},
  number={3},
  pages={431--457},
  year={2012},
  publisher={Springer}
}


@article{Kodaira-49,
  title={Harmonic fields in Riemannian manifolds (generalized potential theory)},
  author={Kodaira, Kunihiko},
  journal={Annals of Mathematics},
  pages={587--665},
  year={1949},
  publisher={JSTOR}
}


@incollection{Lee,
  title={Smooth manifolds},
  author={Lee, John M},
  booktitle={Introduction to Smooth Manifolds},
  pages={1--31},
  year={2000},
  publisher={Springer}
}


@article{Li-09,
  title={On the Strong Lp-Hodge decomposition over complete Riemannian manifolds},
  author={Li, Xiang-Dong},
  journal={Journal of Functional Analysis},
  volume={257},
  number={11},
  pages={3617--3646},
  year={2009},
  publisher={Elsevier}
}


@book{Lions-Magenes-72,
  title={Non-homogeneous boundary value problems and applications},
  author={Lions, Jacques Louis and Magenes, Enrico},
  volume={1},
  year={1972},
  publisher={Springer Science \& Business Media}
}


@book{Maunder,
  title={Algebraic topology},
  author={Maunder, Charles Richard Francis},
  year={1996},
  publisher={Courier Corporation}
}


@article{Mcintosh-Morris-13,
  title={Finite propagation speed for first order systems and Huygensâ€™ principle for hyperbolic equations},
  author={McIntosh, Alan and Morris, Andrew},
  journal={Proceedings of the American Mathematical Society},
  volume={141},
  number={10},
  pages={3515--3527},
  year={2013}
}


@book{Moretti-18,
  title={Spectral theory and quantum mechanics: mathematical foundations of quantum theories, symmetries and introduction to the algebraic formulation},
  author={Moretti, Valter},
  year={2018},
  publisher={Springer}
}



@book{Nakahara-90,
  title={Geometry, topology and physics},
  author={Nakahara, Mikio},
  year={1990},
  publisher={CRC Press}
}


@inproceedings{Paquet-82,
  title={Problemes mixtes pour le systeme de Maxwell},
  author={Paquet, Luc},
  booktitle={Annales de la Facult{\'e} des sciences de Toulouse: Math{\'e}matiques},
  volume={4},
  number={2},
  pages={103--141},
  year={1982}
}


@incollection{Peshkin-Tonomura-89,
  title={The Aharonov-Bohm effect Part one: Theory},
  author={Peshkin, Murray},
  booktitle={The Aharonov-Bohm Effect},
  pages={1--34},
  year={1989},
  publisher={Springer}
}


@article{Pfenning:2009nx,
  title={Quantization of the Maxwell field in curved spacetimes of arbitrary dimension},
  author={Pfenning, Michael J},
  journal={Classical and Quantum Gravity},
  volume={26},
  number={13},
  pages={135017},
  year={2009},
  publisher={IOP Publishing}
}


@article{Scott-95,
  title={$L_p$ theory of differential forms on manifolds},
  author={Scott, Chad},
  journal={Transactions of the American Mathematical Society},
  volume={347},
  number={6},
  pages={2075--2096},
  year={1995}
}

@book{Schwarz-95,
  title={Hodge Decomposition-A method for solving boundary value problems},
  author={Schwarz, G{\"u}nter},
  year={1995},
  publisher={Springer}
}


@article{Weck-04,
  title={Traces of differential forms on Lipschitz boundaries},
  author={Weck, Norbert},
  journal={Analysis},
  volume={24},
  number={2},
  pages={147--170},
  year={2004},
  publisher={De Gruyter Oldenbourg}
}


@inproceedings{Zahn:2015due,
  title={Generalized Wentzell boundary conditions and quantum field theory},
  author={Zahn, Jochen},
  booktitle={Annales Henri Poincar{\'e}},
  volume={19},
  number={1},
  pages={163--187},
  year={2018},
  organization={Springer}
}


@article{Zulfikar-Stroock-00,
  title={A Hodge theory for some non-compact manifolds},
  author={Ahmed, Zulfikar M and Stroock, Daniel W and others},
  journal={Journal of Differential Geometry},
  volume={54},
  number={1},
  pages={177--225},
  year={2000},
  publisher={Lehigh University}
}
















